<?xml version="1.0" encoding="UTF-8"?>
<record xmlns="http://www.loc.gov/MARC21/slim">
   <leader>00819cam a2200217 a 4500</leader>
   <controlfield tag="001">6579268</controlfield>
   <controlfield tag="003">NjP</controlfield>
   <controlfield tag="005">20190325170316.0</controlfield>
   <controlfield tag="007">hdubfa012baaa</controlfield>
   <controlfield tag="007">hdubfa012baba</controlfield>
   <controlfield tag="007">hduafa012baca</controlfield>
   <controlfield tag="008">110607q1900    ir      a     000 0 ara d</controlfield>
   <datafield tag="024" ind1="7" ind2=" ">
      <subfield code="a">princeton_aco004761</subfield>
      <subfield code="2">local</subfield>
   </datafield>
   <datafield ind1=" " ind2=" " tag="035">
      <subfield code="a">(CStRLIN)NJPG92-B33204</subfield>
   </datafield>
   <datafield ind1=" " ind2=" " tag="035">
      <subfield code="9">ADG3463TS</subfield>
   </datafield>
   <datafield ind1=" " ind2=" " tag="040">
      <subfield code="a">NjP</subfield>
      <subfield code="c">NjP</subfield>
   </datafield>
   <datafield ind1="1" ind2=" " tag="041">
      <subfield code="a">ara</subfield>
      <subfield code="b">per</subfield>
   </datafield>
   <datafield ind1="1" ind2=" " tag="100">
      <subfield code="a">Ibn Bābawayh al-Qummī, Muḥammad ibn ʻAlī,</subfield>
      <subfield code="d">918 or 919-991 or 992.</subfield>
      <subfield code="0">http://id.loc.gov/authorities/names/nr90021741</subfield>
   </datafield>
   <datafield ind1="1" ind2="0" tag="245">
      <subfield code="a">Muṣādaqat al-ikhwān /</subfield>
      <subfield code="c">taʼlīf al-Ṣadūq Abī Jaʻfar Muḥammad ibn Abī al-Ḥasan ʻAlī ibn Bābawayh al-Qummī al-Rāzī.</subfield>
   </datafield>
   <datafield ind1=" " ind2=" " tag="260">
      <subfield code="a">[Tehran] :</subfield>
      <subfield code="b">Chāpkhāneh-yi Majlis,</subfield>
      <subfield code="c">1900.</subfield>
   </datafield>
   <datafield ind1=" " ind2=" " tag="300">
      <subfield code="a">88 p. ;</subfield>
      <subfield code="c">18 cm.</subfield>
   </datafield>
   <datafield ind1=" " ind2=" " tag="500">
      <subfield code="a">Preface by M. Āqā Mishkāt in persian.</subfield>
   </datafield>
   <datafield ind1=" " ind2=" " tag="902">
      <subfield code="a">jab</subfield>
      <subfield code="b">r</subfield>
      <subfield code="6">a</subfield>
      <subfield code="7">m</subfield>
      <subfield code="d">v</subfield>
      <subfield code="f">0</subfield>
      <subfield code="e">20110607</subfield>
   </datafield>
   <datafield ind1="8" ind2=" " tag="852">
      <subfield code="0">6539782</subfield>
      <subfield code="b">rcppa</subfield>
      <subfield code="h">2271.415.366 1900q</subfield>
   </datafield>
   <datafield ind1=" " ind2=" " tag="959">
      <subfield code="a">2011-06-07 13:29:57 -0500</subfield>
   </datafield>
</record>
